@article{greenwade93,
    author  = "George D. Greenwade",
    title   = "The {C}omprehensive {T}ex {A}rchive {N}etwork ({CTAN})",
    year    = "1993",
    journal = "TUGBoat",
    volume  = "14",
    number  = "3",
    pages   = "342--351"
}

@book{liu2015aplicaccoes,
  title={Aplica{\c{c}}{\~o}es de sensoriamento remoto},
  author={Liu, William Tse Horng},
  year={2015},
  publisher={Oficina de Textos}
}

@book{florenzano2007iniciaccao,
  title={Inicia{\c{c}}{\~a}o em sensoriamento remoto},
  author={Florenzano, Teresa Gallotti},
  year={2007},
  publisher={Oficina de textos}
}

@article{gaida2020correccao,
  title={Corre{\c{c}}{\~a}o atmosf{\'e}rica em sensoriamento remoto: uma revis{\~a}o},
  author={Gaida, William and Breunig, F{\'a}bio Marcelo and Galv{\~a}o, L{\^e}nio Soares and Ponzoni, Fl{\'a}vio Jorge},
  journal={Revista Brasileira de Geografia F{\'\i}sica},
  volume={13},
  number={1},
  pages={229--248},
  year={2020}
}
